<?xml version="1.0" encoding="UTF-8"?><collection xmlns="http://www.loc.gov/MARC21/slim"><record><leader>00448nam--2200133-i-4500</leader><controlfield tag="001">000029857</controlfield><controlfield tag="002">20161230</controlfield><controlfield tag="005">20161230201037</controlfield><controlfield tag="008">060222s1000------------r-----000-0-eng-d</controlfield><datafield ind1=" " ind2=" " tag="080"><subfield code="a">778.38(043)</subfield></datafield><datafield ind1=" " ind2=" " tag="100"><subfield code="a">Lallemand, Jean-paul</subfield></datafield><datafield ind1=" " ind2=" " tag="245"><subfield code="a">Interferometrie holographique et determination des lois de comportment mecanique et optico-mecanique, en regime transitoire. these</subfield></datafield><datafield ind1=" " ind2=" " tag="260"><subfield code="a">Poitiers, Universite De Poitiers, 1980. V + 240p</subfield></datafield><datafield ind1=" " ind2=" " tag="852"><subfield code="a">70653</subfield></datafield></record></collection>